
@misc{tutorial,
	title = {Sentiment {Analysis} with {TensorFlow} 2 and {Keras} using {Python}},
	abstract = {Learn how to detect sentiment in hotel reviews using embeddings. Build and train a Deep Neural Network for text classification.},
	howpublished = {Available on: \url{https://curiousily.com/posts/sentiment-analysis-with-tensorflow-2-and-keras-using-python/}},
    note = {Accessed: 12.10.2020}
}

@misc{tutorial_keras,
	title = {Keras {Tutorial}: {The} {Ultimate} {Beginner}'s {Guide} to {Deep} {Learning} in {Python}},
	shorttitle = {Keras {Tutorial}},
	url = {https://elitedatascience.com/keras-tutorial-deep-learning-in-python},
	abstract = {Step-by-step Keras tutorial for how to build a convolutional neural network in Python. We'll train a classifier for MNIST that boasts over 99\% accuracy.},
}

@misc{colab,
    author = {Alphabet Inc.},
	title = {Google {Colaboratory}},
	howpublished = {Available on: \url{https://colab.research.google.com/notebooks/intro.ipynb}},
	note = {Accessed: 12.10.2020}
}
 
 
@misc{tensorflow,
	title = {{TensorFlow}},
	abstract = {An end-to-end open source machine learning platform for everyone. Discover TensorFlow's flexible ecosystem of tools, libraries and community resources.},
	howpublished = {Available on: \url{https://www.tensorflow.org/}},
	note = {Accessed: 12.10.2020}
}


@misc{khan_natural_2020,
	author = {Khan, Hasan Faraz},
	title = {Natural {Language} {Processing} and {Sentiment} {Analysis} using {Tensorflow}.},
	abstract = {Natural Language Processing or NLP is a field of Artificial Intelligence and Deep Learning that gives the machines the ability to read…},
	howpublished = {Available on: \url{https://levelup.gitconnected.com/natural-language-processing-and-sentiment-analysis-using-tensorflow-c2948f2623f}},
	note = {Accessed: 05.10.2020}
}

@misc{karikari_deep_2020,
	author = {Karikari, Paul},
	title = {Deep {Learning} {LSTM} for {Sentiment} {Analysis} in {Tensorflow} with {Keras} {API}.},
	abstract = {Learn how to use LSTM for text classification in Tensorflow using Keras API},
	howpublished = {Available on: \url{https://medium.com/datadriveninvestor/deep-learning-lstm-for-sentiment-analysis-in-tensorflow-with-keras-api-92e62cde7626}},
	note = {Accessed: 25.12.2020}
}

@misc{topDataset2020,
    author ={},
	title = {Top 10 {Established} {Datasets} for {Sentiment} {Analysis} in 2020},
	abstract = {Sentiment analysis is the technique used for understanding people’s emotions and feelings, with the help of machine learning.},
	howpublished = {Available on: \url{https://www.upgrad.com/blog/established-datasets-for-sentiment-analysis/}},
	note = {Accessed: 15.11.2020}
}

@misc{515k_kaggle,
    author = {Jiashen Liu},
	title = {{515K} {Hotel} {Reviews} {Data} in {Europe}},
	abstract = {Can you make your trip more cozy by using data science?},
	howpublished = {Available on: \url{https://kaggle.com/jiashenliu/515k-hotel-reviews-data-in-europe}},
	note = {Accessed: 25.10.2020}
}

@misc{git,
	author = {Valkov, Venelin},
	title = {curiousily/{Deep}-{Learning}-{For}-{Hackers}},
	copyright = {MIT License,MIT License},
	abstract = {Machine Learning tutorials with TensorFlow 2 and Keras in Python (Jupyter notebooks included)},
	howpublished = {Available on: \url{https://github.com/curiousily/Deep-Learning-For-Hackers}},
    note = {Accessed: 25.11.2020}
}


@misc{keras,
    author = {Keras},
	title = {Model training APIs},
	abstract = {Model training APIs},
	howpublished = {Available on: \url{https://keras.io/api/models/model_training_apis/}},
	note = {Accessed: 14.01.2021}
}



@misc{python_sentiment_nodate,
	title = {Sentiment {Analysis}: {First} {Steps} {With} {Python}'s {NLTK} {Library} – {Real} {Python}},
	shorttitle = {Sentiment {Analysis}},
	url = {https://realpython.com/python-nltk-sentiment-analysis/},
	abstract = {In this tutorial, you'll learn how to work with Python's Natural Language Toolkit (NLTK) to process and analyze text. You'll also learn how to perform sentiment analysis with built-in as well as custom classifiers!},
	language = {en},
	urldate = {2021-03-14},
	author = {Python, Real},
}

@misc{pandey_sentiment_2020,
	title = {Sentiment {Analysis} using {Deep} {Learning} with {Tensorflow}},
	url = {https://medium.com/analytics-vidhya/sentiment-analysis-using-deep-learning-with-tensorflow-2bb176c40257},
	abstract = {Sentiment Analysis 
Sentiment analysis is the contextual study that aims to determine the opinions, feelings, outlooks, moods and emotions…},
	language = {en},
	urldate = {2021-03-14},
	journal = {Medium},
	author = {Pandey, Harshita},
	month = may,
	year = {2020},
}

@misc{python_practical_nodate,
	title = {Practical {Text} {Classification} {With} {Python} and {Keras} – {Real} {Python}},
	url = {https://realpython.com/python-keras-text-classification/},
	abstract = {Learn about Python text classification with Keras. Work your way from a bag-of-words model with logistic regression to more advanced methods leading to convolutional neural networks. See why word embeddings are useful and how you can use pretrained word embeddings. Use hyperparameter optimization to squeeze more performance out of your model.},
	language = {en},
	urldate = {2021-03-14},
	author = {Python, Real},
	file = {Snapshot:C\:\\Users\\caima\\Zotero\\storage\\QUNMZZDU\\python-keras-text-classification.html:text/html},
}

@misc{noauthor_classify_nodate,
	title = {Classify text with {BERT} {\textbar} {TensorFlow} {Core}},
	url = {https://www.tensorflow.org/tutorials/text/classify_text_with_bert},
	language = {en},
	urldate = {2021-03-14},
	journal = {TensorFlow},
}

@misc{girdhar_text_2020,
	title = {Text {Classification} with {BERT} using {Transformers} for long text inputs},
	url = {https://medium.com/analytics-vidhya/text-classification-with-bert-using-transformers-for-long-text-inputs-f54833994dfd},
	abstract = {Text classification has been one of the most popular topics in NLP and with the advancement of research in NLP over the last few years, we…},
	language = {en},
	urldate = {2021-03-14},
	journal = {Medium},
	author = {Girdhar, Dipansh},
	month = jun,
	year = {2020},
	file = {Snapshot:C\:\\Users\\caima\\Zotero\\storage\\CHXV6AQP\\text-classification-with-bert-using-transformers-for-long-text-inputs-f54833994dfd.html:text/html},
}

@misc{rajapakse_simple_2019,
	title = {Simple {Transformers} — {Multi}-{Class} {Text} {Classification} with {BERT}, {RoBERTa}, {XLNet}, {XLM}, and…},
	url = {https://medium.com/swlh/simple-transformers-multi-class-text-classification-with-bert-roberta-xlnet-xlm-and-8b585000ce3a},
	abstract = {Simple Transformers is the “it just works” Transformer library for real-world applications. Use Transformers with just 3 lines of code!},
	language = {en},
	urldate = {2021-03-14},
	journal = {Medium},
	author = {Rajapakse, Thilina},
	month = nov,
	year = {2019},
	file = {Snapshot:C\:\\Users\\caima\\Zotero\\storage\\RQGQNNAA\\simple-transformers-multi-class-text-classification-with-bert-roberta-xlnet-xlm-and-8b585000ce3.html:text/html},
}

@misc{antyukhov_fine-tuning_2020,
	title = {Fine-tuning {BERT} with {Keras} and tf.{Module}},
	url = {https://towardsdatascience.com/fine-tuning-bert-with-keras-and-tf-module-ed24ea91cff2},
	abstract = {In this experiment we convert a pre-trained BERT model checkpoint into a trainable Keras layer to solve a text classification problem.},
	language = {en},
	urldate = {2021-03-14},
	journal = {Medium},
	author = {Antyukhov, Denis},
	month = mar,
	year = {2020},
	file = {Snapshot:C\:\\Users\\caima\\Zotero\\storage\\5HHZSPXS\\fine-tuning-bert-with-keras-and-tf-module-ed24ea91cff2.html:text/html},
}
